<?xml version="1.0" encoding="UTF-8"?><collection xmlns="http://www.loc.gov/MARC21/slim"><record><leader>00536nam--2200181-i-4500</leader><controlfield tag="001">000026306</controlfield><controlfield tag="002">20161230</controlfield><controlfield tag="005">20161230201036</controlfield><controlfield tag="008">060222s1000------------r-----000-0-eng-d</controlfield><datafield ind1=" " ind2=" " tag="040"><subfield code="a">IFIN-HH</subfield></datafield><datafield ind1=" " ind2=" " tag="080"><subfield code="a">541.1:539.18</subfield></datafield><datafield ind1="1" ind2=" " tag="100"><subfield code="a">Karplus, Martin</subfield></datafield><datafield ind1="1" ind2="0" tag="245"><subfield code="a">Atoms and molecules</subfield><subfield code="b">An introduction for students of physical chemistry</subfield><subfield code="c">Martin karplus, richard n. porter</subfield></datafield><datafield ind1=" " ind2=" " tag="260"><subfield code="a">New York</subfield><subfield code="b">W.A.Benjamin, Inc</subfield><subfield code="c">1970</subfield></datafield><datafield ind1=" " ind2=" " tag="300"><subfield code="a">XIV + 620P</subfield></datafield><datafield ind1="1" ind2=" " tag="700"><subfield code="a">Porter, Richard N</subfield></datafield><datafield ind1=" " ind2=" " tag="852"><subfield code="a">36294</subfield><subfield code="c">539.18</subfield></datafield><datafield ind1=" " ind2=" " tag="CAT"><subfield code="a">Sys</subfield><subfield code="c">20120702</subfield><subfield code="h">161637</subfield></datafield></record></collection>